
@book{manning_introduction_2008,
	edition = {1st},
	title = {Introduction to Information Retrieval},
	isbn = {0521865719},
	publisher = {Cambridge University Press},
	author = {Christopher D. Manning and Prabhakar Raghavan and Hinrich Sch√ºtze},
	month = jul,
	year = {2008}
}